@inproceedings{solid,
	title={A Demonstration of the {Solid} platform for Social Web Applications},
	author={Mansour, Essam and Sambra, Andrei Vlad and Hawke, Sandro and Zereba, Maged and Capadisli, Sarven and Ghanem, Abdurrahman and Aboulnaga, Ashraf and Berners-Lee, Tim},
	booktitle={Proceedings of the 25th International Conference Companion on World Wide Web},
	pages={223--226},
	year={2016},
	organization.bak={International World Wide Web Conferences Steering Committee}
}

@inproceedings{mastodon,
	title={Follow the \enquote{Mastodon}: Structure and Evolution of a Decentralized Online Social Network},
	author={Zignani, Matteo and Gaito, Sabrina and Rossi, Gian Paolo},
	booktitle={Twelfth International AAAI Conference on Web and Social Media},
	year={2018}
}

@article{FAIR,
	title = {The {FAIR} Guiding Principles for scientific data management and stewardship},
	volume = {3},
	rights = {2016 The Author(s)},
	issn = {2052-4463},
	doi = {10.1038/sdata.2016.18},
	pages = {160018},
	number = {1},
	journaltitle = {Scientific Data},
	shortjournal = {Sci Data},
	author = {Wilkinson, Mark D. and Dumontier, Michel and Aalbersberg, {IJsbrand} Jan and Appleton, Gabrielle and Axton, Myles and Baak, Arie and Blomberg, Niklas and Boiten, Jan-Willem and da Silva Santos, Luiz Bonino and Bourne, Philip E. and Bouwman, Jildau and Brookes, Anthony J. and Clark, Tim and Crosas, Mercè and Dillo, Ingrid and Dumon, Olivier and Edmunds, Scott and Evelo, Chris T. and Finkers, Richard and Gonzalez-Beltran, Alejandra and Gray, Alasdair J. G. and Groth, Paul and Goble, Carole and Grethe, Jeffrey S. and Heringa, Jaap and ’t Hoen, Peter A. C. and Hooft, Rob and Kuhn, Tobias and Kok, Ruben and Kok, Joost and Lusher, Scott J. and Martone, Maryann E. and Mons, Albert and Packer, Abel L. and Persson, Bengt and Rocca-Serra, Philippe and Roos, Marco and van Schaik, Rene and Sansone, Susanna-Assunta and Schultes, Erik and Sengstag, Thierry and Slater, Ted and Strawn, George and Swertz, Morris A. and Thompson, Mark and van der Lei, Johan and van Mulligen, Erik and Velterop, Jan and Waagmeester, Andra and Wittenburg, Peter and Wolstencroft, Katherine and Zhao, Jun and Mons, Barend},
	date = {2016-03-15},
	langid = {english},
}

@article{decentralizednanopubs,
	author = {Kuhn, Tobias and Taelman, Ruben and Emonet, Vincent and Antonatos, Haris and Soiland-Reyes, Stian and Dumontier, Michel},
	title = {Semantic micro-contributions with decentralized nanopublication services},
	month = mar,
	journal = {PeerJ Computer Science},
	year = {2021},
	url.bak = {https://peerj.com/articles/cs-387/},
	doi = {10.7717/peerj-cs.387}
}

@TechReport{spec:rdf,
	title = {RDF 1.1: Concepts and Abstract Syntax},
	type = "Recommendation",
	institution = "W3C",
	author = {Cyganiak, Richard and Wood, David and Lanthaler, Markus},
	month = feb,
	year = {2014},
	url = {https://www.w3.org/TR/2014/REC-rdf11-concepts-20140225/}
}

@TechReport{spec:sparqllang,
	title = {{SPARQL} 1.1 Query Language},
	author = {Harris, Steve and Seaborne, Andy and Prud'hommeaux, Eric},
	type = "Recommendation",
	institution = "W3C",
	month = mar,
	year = {2013},
	url = {https://www.w3.org/TR/2013/REC-sparql11-query-20130321/}
}

@article{hdt,
author = {Javier D. Fernández and Miguel A. Martínez-Prieto and Claudio Gutiérrez and Axel Polleres and Mario Arias},
title = {Binary RDF Representation for Publication and Exchange (HDT)},
url = {http://www.websemanticsjournal.org/index.php/ps/article/view/328},
journal={Web Semantics: Science, Services and Agents on the World Wide Web},
volume={19},
pages={22–41},
year={2013},
publisher={Elsevier}
}


@online{linkeddata,
	title = {Linked Data},
	author = {Berners-Lee, Tim},
	year = 2009,
	howpublished = {Design Issues},
	url = {https://www.w3.org/DesignIssues/LinkedData.html},
}

@article{hood_1987,
	title = {Automated {DNA} sequencing and analysis of the human genome},
	volume = {1},
	issn = {0888-7543},
	doi = {10.1016/0888-7543(87)90046-2},
	pages = {201--212},
	number = {3},
	journaltitle = {Genomics},
	author = {Hood, L. E. and Hunkapiller, M. W. and Smith, L. M.},
	date = {1987-11},
	pmid = {3328736},
}

@online{athumi,
	title = {Athumi},
	url = {https://athumi.be/},
	urldate = {2024-02-26},
}

@article{ko_new_2022,
	title = {New Drug Development and Clinical Trial Design by Applying Genomic Information Management},
	volume = {14},
	issn = {1999-4923},
	doi = {10.3390/pharmaceutics14081539},
	pages = {1539},
	number = {8},
	journaltitle = {Pharmaceutics},
	shortjournal = {Pharmaceutics},
	author = {Ko, Young Kyung and Gim, Jeong-An},
	date = {2022-07-24},
}

@article{mcleod_cancer_2013,
	title = {Cancer Pharmacogenomics: Early Promise, But Concerted Effort Needed},
	volume = {339},
	issn = {0036-8075, 1095-9203},
	doi = {10.1126/science.1234139},
	shorttitle = {Cancer Pharmacogenomics},
	pages = {1563--1566},
	number = {6127},
	journaltitle = {Science},
	shortjournal = {Science},
	author = {{McLeod}, H. L.},
	date = {2013-03-29},
}

@article{souche_recommendations_2022,
	title = {Recommendations for whole genome sequencing in diagnostics for rare diseases},
	volume = {30},
	issn = {1018-4813, 1476-5438},
	doi = {10.1038/s41431-022-01113-x},
	pages = {1017--1021},
	number = {9},
	journaltitle = {European Journal of Human Genetics},
	shortjournal = {Eur J Hum Genet},
	author = {Souche, Erika and Beltran, Sergi and Brosens, Erwin and Belmont, John W. and Fossum, Magdalena and Riess, Olaf and Gilissen, Christian and Ardeshirdavani, Amin and Houge, Gunnar and Van Gijn, Marielle and Clayton-Smith, Jill and Synofzik, Matthis and De Leeuw, Nicole and Deans, Zandra C. and Dincer, Yasemin and Eck, Sebastian H. and Van Der Crabben, Saskia and Balasubramanian, Meena and Graessner, Holm and Sturm, Marc and Firth, Helen and Ferlini, Alessandra and Nabbout, Rima and De Baere, Elfride and Liehr, Thomas and Macek, Milan and Matthijs, Gert and Scheffer, Hans and Bauer, Peter and Yntema, Helger G. and Weiss, Marjan M.},
	date = {2022-09},
}

@article{mathur_personalized_2017,
	title = {Personalized medicine could transform healthcare},
	volume = {7},
	issn = {2049-9434, 2049-9442},
	doi = {10.3892/br.2017.922},
	pages = {3--5},
	number = {1},
	journaltitle = {Biomedical Reports},
	author = {Mathur, Sunil and Sutton, Joseph},
	date = {2017-07},
}

@article{stefanicka-wojtas_barriers_2023,
	title = {Barriers and Facilitators to the Implementation of Personalised Medicine across Europe},
	volume = {13},
	issn = {2075-4426},
	doi = {10.3390/jpm13020203},
	pages = {203},
	number = {2},
	journaltitle = {J Pers Med},
	author = {Stefanicka-Wojtas, Dorota and Kurpas, Donata},
	date = {2023-01-23},
	pmid = {36836438},
	pmcid = {PMC9965772},
}

@article{taelman_privacyAgg_2020,
	title = {Towards Querying in Decentralized Environments with Privacy-Preserving Aggregation},
	url = {http://arxiv.org/abs/2008.06265},
	doi = {10.48550/arXiv.2008.06265},
	number = {{arXiv}:2008.06265},
	publisher = {{arXiv}},
	author = {Taelman, Ruben and Steyskal, Simon and Kirrane, Sabrina},
	urldate = {2024-02-21},
	date = {2020-08-14},
	eprinttype = {arxiv},
	eprint = {2008.06265 [cs]},
	keywords = {Computer Science - Databases},
}

@online{wetterstrand_cost_2021,
	title = {The Cost of Sequencing a Human Genome},
	url = {https://www.genome.gov/about-genomics/fact-sheets/Sequencing-Human-Genome-cost},
	abstract = {Estimated cost of sequencing the human genome over time since the Human Genome Project.},
	titleaddon = {Genome.gov},
	author = {Wetterstrand, Kris A.},
	urldate = {2023-11-13},
	date = {2021-11-01},
}

@article{genomics_cost_2023,
	title = {The implementation of large-scale genomic screening or diagnostic programmes: A rapid evidence review},
	volume = {31},
	issn = {1018-4813},
	doi = {10.1038/s41431-022-01259-8},
	shorttitle = {The implementation of large-scale genomic screening or diagnostic programmes},
	pages = {282--295},
	number = {3},
	journaltitle = {Eur J Hum Genet},
	author = {Alarcón Garavito, Germán Andrés and Moniz, Thomas and Déom, Noémie and Redin, Federico and Pichini, Amanda and Vindrola-Padros, Cecilia},
	date = {2023-03},
	pmid = {36517584},
	pmcid = {PMC9995480},
}

@article{bagger_whole_2024,
	title = {Whole genome sequencing in clinical practice},
	volume = {17},
	issn = {1755-8794},
	doi = {10.1186/s12920-024-01795-w},
	pages = {39},
	number = {1},
	journaltitle = {{BMC} Medical Genomics},
	author = {Bagger, Frederik Otzen and Borgwardt, Line and Jespersen, Andreas Sand and Hansen, Anna Reimer and Bertelsen, Birgitte and Kodama, Miyako and Nielsen, Finn Cilius},
	date = {2024-01-29},
}

@article{danecek_variant_2011,
	title = {The variant call format and {VCFtools}},
	volume = {27},
	issn = {1367-4811, 1367-4803},
	doi = {10.1093/bioinformatics/btr330},
	pages = {2156--2158},
	number = {15},
	journaltitle = {Bioinformatics},
	author = {Danecek, Petr and Auton, Adam and Abecasis, Goncalo and Albers, Cornelis A. and Banks, Eric and DePristo, Mark A. and Handsaker, Robert E. and Lunter, Gerton and Marth, Gabor T. and Sherry, Stephen T. and McVean, Gilean and Durbin, Richard and {1000 Genomes Project Analysis Group}},
	urldate = {2023-07-27},
	date = {2011-08-01},
}

@legislation{GDPR_2016,
	title = {Regulation ({EU}) 2016/679 of the European Parliament and of the Council of 27 April 2016 on the protection of natural persons with regard to the processing of personal data and on the free movement of such data, and repealing Directive 95/46/{EC} (General Data Protection Regulation)},
	pages = {1--88},
	date = {2016-05-04},
}

@article{data_sharing_2019,
	title = {Genomic Data-Sharing Practices},
	volume = {47},
	issn = {1073-1105},
	doi = {10.1177/1073110519840482},
	pages = {31--40},
	number = {1},
	journaltitle = {J Law Med Ethics},
	author = {Villanueva, Angela G. and Cook-Deegan, Robert and Robinson, Jill O. and {McGuire}, Amy L. and Majumder, Mary A.},
	date = {2019-03},
	pmid = {30994063},
	pmcid = {PMC6730666},
}

@article{rambla_beacon_2022,
	title = {Beacon v2 and Beacon networks: A "lingua franca" for federated data discovery in biomedical genomics, and beyond},
	volume = {43},
	issn = {1098-1004},
	doi = {10.1002/humu.24369},
	shorttitle = {Beacon v2 and Beacon networks},
	pages = {791--799},
	number = {6},
	journaltitle = {Human Mutation},
	shortjournal = {Hum Mutat},
	author = {Rambla, Jordi and Baudis, Michael and Ariosa, Roberto and Beck, Tim and Fromont, Lauren A. and Navarro, Arcadi and Paloots, Rahel and Rueda, Manuel and Saunders, Gary and Singh, Babita and Spalding, John D. and Törnroos, Juha and Vasallo, Claudia and Veal, Colin D. and Brookes, Anthony J.},
	date = {2022-06},
	pmid = {35297548},
	pmcid = {PMC9322265},
	keywords = {Beacon, clinical genomics, data discovery, data sharing, {GA}4GH, Genomics, Humans, Information Dissemination, Phenotype, Rare Diseases, {REST} {API}, Software},
}

@article{taelman_LTQP_2023,
	title = {Evaluation of Link Traversal Query Execution over Decentralized Environments with Structural Assumptions},
	rights = {Creative Commons Attribution 4.0 International},
	doi = {10.48550/ARXIV.2302.06933},
	author = {Taelman, Ruben and Verborgh, Ruben},
	date = {2023},
	note = {Publisher: {arXiv} Version Number: 1},
}

@article{brands_patient-centered_2022,
	title = {Patient-Centered Digital Health Records and Their Effects on Health Outcomes: Systematic Review},
	volume = {24},
	issn = {1439-4456},
	doi = {10.2196/43086},
	shorttitle = {Patient-Centered Digital Health Records and Their Effects on Health Outcomes},
	pages = {e43086},
	number = {12},
	journaltitle = {J Med Internet Res},
	author = {Brands, Martijn R and Gouw, Samantha C and Beestrum, Molly and Cronin, Robert M and Fijnvandraat, Karin and Badawy, Sherif M},
	date = {2022-12-22},
	pmid = {36548034},
	pmcid = {PMC9816956},
}

@article{sib_rdf_2024,
	title = {The {SIB} Swiss Institute of Bioinformatics Semantic Web of data},
	volume = {52},
	issn = {0305-1048},
	doi = {10.1093/nar/gkad902},
	pages = {D44--D51},
	issue = {D1},
	journaltitle = {Nucleic Acids Research},
	shortjournal = {Nucleic Acids Research},
	author = {{SIB Swiss Institute of Bioinformatics RDF Group Members}},
	date = {2024-01-05},
}

@report{sphn_rdf_2023,
	title = {Bridging Clinical and Genomic Knowledge: An Extension of the {SPHN} {RDF} Schema for Seamless Integration and {FAIRification} of Omics Data},
	shorttitle = {Bridging Clinical and Genomic Knowledge},
	institution = {Medicine and Pharmacology},
	type = {preprint},
	author = {Van Der Horst, Eelke and Unni, Deepak and Kopmels, Femke and Armida, Jan and Touré, Vasundra and Franke, Wouter and Crameri, Katrin and Cirillo, Elisa and Österle, Sabine},
	urldate = {2024-01-22},
	date = {2023-12-06},
	doi = {10.20944/preprints202312.0373.v1},
}

@article{farinelli_linked_2015,
	title = {Linked Health Data: how linked data can help provide better health decisions},
	volume = {216},
	issn = {1879-8365},
	shorttitle = {Linked Health Data},
	pages = {1122},
	journaltitle = {Stud Health Technol Inform},
	author = {Farinelli, Fernanda and Barcellos de Almeida, Maurício and Linhares de Souza, Yóris},
	date = {2015},
	pmid = {26262421},
}

@online{platinum_genomes,
	title = {Platinum Genomes},
	url = {https://emea.illumina.com/platinumgenomes.html},
	urldate = {2024-02-12},
}

@report{van_der_horst_bridging_2023,
	title = {Bridging Clinical and Genomic Knowledge: An Extension of the {SPHN} {RDF} Schema for Seamless Integration and {FAIRification} of Omics Data},
	shorttitle = {Bridging Clinical and Genomic Knowledge},
	institution = {Medicine and Pharmacology},
	type = {preprint},
	author = {Van Der Horst, Eelke and Unni, Deepak and Kopmels, Femke and Armida, Jan and Touré, Vasundra and Franke, Wouter and Crameri, Katrin and Cirillo, Elisa and Österle, Sabine},
	date = {2023-12-06},
	doi = {10.20944/preprints202312.0373.v1},
}

@online{comunica,
	title = {Comunica – A knowledge graph querying framework},
	url = {https://comunica.dev/},
	titleaddon = {Comunica – A knowledge graph querying framework},
	urldate = {2024-02-12},
}

@TechReport{spec:sparqlprot,
	title = {{SPARQL} 1.1 Protocol},
	author = {Feigenbaum, Lee and Todd Williams, Gregory and Grant Clark, Kendall and Torres, Elias},
	type = "Rec.",
	institution = "W3C",
	month = mar,
	year = {2013},
	url = {https://www.w3.org/TR/2013/REC-sparql11-protocol-20130321/}
}

@inproceedings{sparqlqueryoptimization,
	title={Foundations of {SPARQL} query optimization},
	author={Schmidt, Michael and Meier, Michael and Lausen, Georg},
	booktitle={Proceedings of the 13th International Conference on Database Theory},
	pages={4--33},
	year={2010},
	organization={ACM}
}
@inproceedings{hibiscus,
	title={Hibiscus: Hypergraph-based Source Selection for {SPARQL} Endpoint Federation},
	author={Saleem, Muhammad and Ngomo, Axel-Cyrille Ngonga},
	booktitle={European semantic web conference},
	pages={176--191},
	year={2014},
	organization={Springer}
}

@article{tpf,
	title={Triple Pattern Fragments: a low-cost Knowledge Graph Interface for the Web},
	author={Verborgh, Ruben and Vander Sande, Miel and Hartig, Olaf and Van Herwegen, Joachim and De Vocht, Laurens and De Meester, Ben and Haesendonck, Gerald and Colpaert, Pieter},
	journal={Journal of Web Semantics},
	volume={37},
	pages={184--206},
	year={2016},
	publisher={Elsevier}
}

@article{adaptive_book,
	title={Adaptive query processing},
	author={Deshpande, Amol and Ives, Zachary and Raman, Vijayshankar}, %  and others
	journal={Foundations and Trends{\textregistered}}, %  in Databases
	volume.bak={1},
	number.bak={1},
	pages.bak={1--140},
	year={2007},
	publisher.bak={Now Publishers, Inc.}
}

@inproceedings{dang_fedshop_2023,
	location = {Berlin, Heidelberg},
	title = {{FedShop}: A Benchmark for Testing the Scalability of {SPARQL} Federation Engines},
	isbn = {978-3-031-47242-8},
	doi = {10.1007/978-3-031-47243-5_16},
	shorttitle = {{FedShop}},
	pages = {285--301},
	booktitle = {The Semantic Web – {ISWC} 2023: 22nd International Semantic Web Conference, Athens, Greece, November 6–10, 2023, Proceedings, Part {II}},
	publisher = {Springer-Verlag},
	author = {Dang, Minh-Hoang and Aimonier-Davat, Julien and Molli, Pascal and Hartig, Olaf and Skaf-Molli, Hala and Le Crom, Yotlan},
	date = {2023-11-06},
}

@legislation{EHDS_2022,
	title = {Proposal for a {REGULATION} {OF} {THE} {EUROPEAN} {PARLIAMENT} {AND} {OF} {THE} {COUNCIL} on the European Health Data Space},
	url = {https://eur-lex.europa.eu/legal-content/EN/TXT/?uri=CELEX:52022PC0197},
	urldate = {2024-02-22},
	date = {2022},
}

@online{1000_genomes,
	title = {1000 Genomes {\textbar} A Deep Catalog of Human Genetic Variation},
	url = {https://www.internationalgenome.org/home},
	urldate = {2024-02-23},
}

@online{css,
	title = {{CommunitySolidServer}/{CommunitySolidServer}: An open and modular implementation of the Solid specifications},
	url = {https://github.com/CommunitySolidServer/CommunitySolidServer},
	urldate = {2024-02-12},
}

@article{pastorino_benefits_2019,
	title = {Benefits and challenges of Big Data in healthcare: an overview of the European initiatives},
	volume = {29},
	issn = {1101-1262},
	doi = {10.1093/eurpub/ckz168},
	shorttitle = {Benefits and challenges of Big Data in healthcare},
	pages = {23--27},
	issue = {Suppl 3},
	journaltitle = {Eur J Public Health},
	author = {Pastorino, Roberta and De Vito, Corrado and Migliara, Giuseppe and Glocker, Katrin and Binenbaum, Ilona and Ricciardi, Walter and Boccia, Stefania},
	date = {2019-10},
	pmid = {31738444},
	pmcid = {PMC6859509},
}

@online{rdf_serializations,
	title = {Resource Description Framework ({RDF}) Serialization {\textbar} {LINCS}},
	url = {https://lincsproject.ca/docs/terms/resource-description-framework-serialization},
	urldate = {2024-02-23},
	langid = {english},
}

@article{yang_seqminer2_2020,
	title = {Seqminer2: an efficient tool to query and retrieve genotypes for statistical genetics analyses from biobank scale sequence dataset},
	volume = {36},
	issn = {1367-4803},
	doi = {10.1093/bioinformatics/btaa628},
	shorttitle = {Seqminer2},
	pages = {4951--4954},
	number = {19},
	journaltitle = {Bioinformatics},
	author = {Yang, Lina and Jiang, Shuang and Jiang, Bibo and Liu, Dajiang J and Zhan, Xiaowei},
	date = {2020-08-05},
	pmid = {32756942},
	pmcid = {PMC8453228},
}

@article{berners-lee_linked_2009,
	title = {Linked Data},
	url = {https://www.w3.org/DesignIssues/LinkedData.html},
	author = {Berners-Lee, Timothy},
	date = {2009},
}

@article{edith,
	title = {Position paper From the digital twins in healthcare to the Virtual Human Twin: a moon-shot project for digital health research},
	volume = {{PP}},
	issn = {2168-2208},
	doi = {10.1109/JBHI.2023.3323688},
	shorttitle = {Position paper From the digital twins in healthcare to the Virtual Human Twin},
	journaltitle = {{IEEE} J Biomed Health Inform},
	author = {Viceconti, Marco and De Vos, Maarten and Mellone, Sabato and Geris, Liesbet},
	date = {2023-10-11},
	pmid = {37819828},
}

@online{we_are,
	title = {we are},
	url = {https://we-are-health.be/en},
	urldate = {2024-02-21},
}

@online{storage_costs,
	title = {Historical cost of computer memory and storage},
	author = {McCallum, John C.},
	url = {https://ourworldindata.org/grapher/historical-cost-of-computer-memory-and-storage},
	titleaddon = {Our World in Data},
	date = {2022},
	urldate = {2024-02-23},
}

@article{vcf_compression_2022,
	title = {{XSI}—a genotype compression tool for compressive genomics in large biobanks},
	volume = {38},
	issn = {1367-4803},
	doi = {10.1093/bioinformatics/btac413},
	pages = {3778--3784},
	number = {15},
	journaltitle = {Bioinformatics},
	author = {Wertenbroek, Rick and Rubinacci, Simone and Xenarios, Ioannis and Thoma, Yann and Delaneau, Olivier},
	date = {2022-06},
}

@inproceedings{VandenbrandeAggregatorsTR,
	title={Aggregators to realize Scalable Querying across Decentralized Data Sources},
	author={Maarten Vandenbrande},
	url={https://api.semanticscholar.org/CorpusID:265531325},
	date = {2023},
	booktitle={International semantic web conference},
}

@online{ransomware,
	title = {Ransomware Attacks on Hospitals Have Changed {\textbar} Cybersecurity {\textbar} Center {\textbar} {AHA}},
	url = {https://www.aha.org/center/cybersecurity-and-risk-advisory-services/ransomware-attacks-hospitals-have-changed},
	urldate = {2024-02-09},
	langid = {english},
}
