@article{ko_new_2022,
	title = {New Drug Development and Clinical Trial Design by Applying Genomic Information Management},
	volume = {14},
	issn = {1999-4923},
	doi = {10.3390/pharmaceutics14081539},
	pages = {1539},
	number = {8},
	journaltitle = {Pharmaceutics},
	author = {Ko, Young Kyung and Gim, Jeong-An},
	date = {2022-07-24},
}

@article{mcleod_cancer_2013,
	title = {Cancer Pharmacogenomics: Early Promise, But Concerted Effort Needed},
	volume = {339},
	issn = {0036-8075, 1095-9203},
	doi = {10.1126/science.1234139},
	shorttitle = {Cancer Pharmacogenomics},
	pages = {1563--1566},
	number = {6127},
	journaltitle = {Science},
	author = {{McLeod}, H. L.},
	date = {2013-03-29},
}

@article{marwaha_guide_2022,
	title = {A guide for the diagnosis of rare and undiagnosed disease: beyond the exome},
	volume = {14},
	issn = {1756-994X},
	doi = {10.1186/s13073-022-01026-w},
	shorttitle = {A guide for the diagnosis of rare and undiagnosed disease},
	pages = {23},
	number = {1},
	journaltitle = {Genome Med},
	author = {Marwaha, Shruti and Knowles, Joshua W. and Ashley, Euan A.},
	date = {2022-02-28},
	langid = {english},
}

@article{mathur_personalized_2017,
	title = {Personalized medicine could transform healthcare},
	volume = {7},
	issn = {2049-9434, 2049-9442},
	doi = {10.3892/br.2017.922},
	pages = {3--5},
	number = {1},
	journaltitle = {Biomedical Reports},
	author = {Mathur, Sunil and Sutton, Joseph},
	date = {2017-07},
	langid = {english},
}

@article{stefanicka-wojtas_barriers_2023,
	title = {Barriers and Facilitators to the Implementation of Personalised Medicine across Europe},
	volume = {13},
	issn = {2075-4426},
	doi = {10.3390/jpm13020203},
	pages = {203},
	number = {2},
	journaltitle = {J Pers Med},
	author = {Stefanicka-Wojtas, Dorota and Kurpas, Donata},
	date = {2023-01-23},
	pmid = {36836438},
	pmcid = {PMC9965772},
}

@article{bagger_whole_2024,
	title = {Whole genome sequencing in clinical practice},
	volume = {17},
	issn = {1755-8794},
	doi = {10.1186/s12920-024-01795-w},
	pages = {39},
	number = {1},
	journaltitle = {{BMC} Medical Genomics},
	author = {Bagger, Frederik Otzen and Borgwardt, Line and Jespersen, Andreas Sand and Hansen, Anna Reimer and Bertelsen, Birgitte and Kodama, Miyako and Nielsen, Finn Cilius},
	date = {2024-01-29},
}

@article{danecek_variant_2011,
	title = {The variant call format and {VCFtools}},
	volume = {27},
	issn = {1367-4811, 1367-4803},
	doi = {10.1093/bioinformatics/btr330},
	pages = {2156--2158},
	number = {15},
	journaltitle = {Bioinformatics},
	author = {Danecek, Petr and Auton, Adam and Abecasis, Goncalo and Albers, Cornelis A. and Banks, Eric and DePristo, Mark A. and Handsaker, Robert E. and Lunter, Gerton and Marth, Gabor T. and Sherry, Stephen T. and McVean, Gilean and Durbin, Richard and {1000 Genomes Project Analysis Group}},
	date = {2011-08-01},
	langid = {english},
}

@article{brands_patient-centered_2022,
	title = {Patient-Centered Digital Health Records and Their Effects on Health Outcomes: Systematic Review},
	volume = {24},
	issn = {1439-4456},
	doi = {10.2196/43086},
	shorttitle = {Patient-Centered Digital Health Records and Their Effects on Health Outcomes},
	pages = {e43086},
	number = {12},
	journaltitle = {Journal of Medical Internet Research},
	shortjournal = {J Med Internet Res},
	author = {Brands, Martijn R and Gouw, Samantha C and Beestrum, Molly and Cronin, Robert M and Fijnvandraat, Karin and Badawy, Sherif M},
	date = {2022-12-22},
}

@online{capadisli_solid_nodate,
	title = {Solid Protocol},
	url = {https://solidproject.org/TR/protocol#introduction},
	author = {Capadisli, Sarven and Berners-Lee, Tim and Verborgh, Ruben and Kjernsmo, Kjetil},
	urldate = {2024-01-03},
}


@article{quantin_medical_2011,
	title = {Medical record: systematic centralization versus secure on demand aggregation},
	volume = {11},
	issn = {1472-6947},
	doi = {10.1186/1472-6947-11-18},
	shorttitle = {Medical record},
	pages = {18},
	journaltitle = {{BMC} Medical Informatics and Decision Making},
	shortjournal = {{BMC} Med Inform Decis Mak},
	author = {Quantin, Catherine and Jaquet-Chiffelle, David-Olivier and Coatrieux, Gouenou and Benzenine, Eric and Auverlot, Bertrand and Allaert, François-André},
	date = {2011-03-22},
}

@article{kotsilieris_efficient_2021,
	title = {An Efficient Agent Based Data Management Method of {NoSQL} Environments for Health Care Applications},
	volume = {9},
	issn = {2227-9032},
	doi = {10.3390/healthcare9030322},
	pages = {322},
	number = {3},
	journaltitle = {Healthcare},
	shortjournal = {Healthcare (Basel)},
	author = {Kotsilieris, Theodore},
	date = {2021-03-13},
}

@online{noauthor_ransomware_nodate,
	title = {Ransomware Attacks on Hospitals Have Changed {\textbar} Cybersecurity {\textbar} Center {\textbar} {AHA}},
	url = {https://www.aha.org/center/cybersecurity-and-risk-advisory-services/ransomware-attacks-hospitals-have-changed},
	urldate = {2024-02-09},
	langid = {english},
}

@misc{esposito_assessing_2022,
	title = {Assessing the Solid Protocol in Relation to Security \& Privacy Obligations},
	url = {http://arxiv.org/abs/2210.08270},
	number = {{arXiv}:2210.08270},
	publisher = {{arXiv}},
	author = {Esposito, Christian and Hartig, Olaf and Horne, Ross and Sun, Chang},
	date = {2022-10-15},
	eprinttype = {arxiv},
	eprint = {2210.08270 [cs]},
}

@article{benaribi_sparql-based_2023,
	title = {A {SPARQL}-based framework to preserve privacy of sensitive data on the semantic web},
	volume = {17},
	issn = {1863-2386},
	doi = {10.1007/s11761-023-00368-6},
	pages = {183--199},
	number = {3},
	journaltitle = {Service Oriented Computing and Applications},
	shortjournal = {Serv. Oriented Comput. Appl.},
	author = {Benaribi, Fethi Imad and Malki, Mimoun and Faraoun, Kamel Mohammed and Ouchani, Samir},
	date = {2023-07-04},
}

@article{sib_swiss_institute_of_bioinformatics_rdf_group_members_sib_2024,
	title = {The {SIB} Swiss Institute of Bioinformatics Semantic Web of data},
	volume = {52},
	issn = {0305-1048},
	doi = {10.1093/nar/gkad902},
	pages = {D44--D51},
	issue = {D1},
	journaltitle = {Nucleic Acids Research},
	shortjournal = {Nucleic Acids Research},
	author = {{SIB Swiss Institute of Bioinformatics RDF Group Members}},
	date = {2024-01-05},
}

@report{van_der_horst_bridging_2023,
	title = {Bridging Clinical and Genomic Knowledge: An Extension of the {SPHN} {RDF} Schema for Seamless Integration and {FAIRification} of Omics Data},
	shorttitle = {Bridging Clinical and Genomic Knowledge},
	institution = {Medicine and Pharmacology},
	type = {preprint},
	author = {Van Der Horst, Eelke and Unni, Deepak and Kopmels, Femke and Armida, Jan and Touré, Vasundra and Franke, Wouter and Crameri, Katrin and Cirillo, Elisa and Österle, Sabine},
	urldate = {2024-01-22},
	date = {2023-12-06},
	doi = {10.20944/preprints202312.0373.v1},
}

@article{farinelli_linked_2015,
	title = {Linked Health Data: how linked data can help provide better health decisions},
	volume = {216},
	issn = {1879-8365},
	shorttitle = {Linked Health Data},
	pages = {1122},
	journaltitle = {Studies in Health Technology and Informatics},
	shortjournal = {Stud Health Technol Inform},
	author = {Farinelli, Fernanda and Barcellos de Almeida, Maurício and Linhares de Souza, Yóris},
	date = {2015},
}

@misc{prasanna_scalable_2023,
	title = {Scalable Knowledge Graph Construction and Inference on Human Genome Variants},
	doi = {10.48550/arXiv.2312.04423},
	number = {{arXiv}:2312.04423},
	publisher = {{arXiv}},
	author = {Prasanna, Shivika and Rao, Deepthi and Simoes, Eduardo and Rao, Praveen},
	date = {2023-12-07},
	eprinttype = {arxiv},
	eprint = {2312.04423 [cs, q-bio]},
}

@article{taelman_evaluation_2023,
	title = {Evaluation of Link Traversal Query Execution over Decentralized Environments with Structural Assumptions},
	rights = {Creative Commons Attribution 4.0 International},
	doi = {10.48550/ARXIV.2302.06933},
	author = {Taelman, Ruben and Verborgh, Ruben},
	date = {2023},
}

@online{noauthor_platinum_nodate,
	title = {Platinum Genomes},
	url = {https://emea.illumina.com/platinumgenomes.html},
	urldate = {2024-02-12},
}

@online{noauthor_sparql_nodate,
	title = {{SPARQL} 1.1 Query Language},
	url = {https://www.w3.org/TR/sparql11-query/},
	urldate = {2024-02-13},
}

@online{comunica,
	title = {Comunica – A knowledge graph querying framework},
	url = {https://comunica.dev/},
	abstract = {Flexible {SPARQL} and {GraphQL} over decentralized {RDF} on the Web.},
	titleaddon = {Comunica – A knowledge graph querying framework},
	urldate = {2024-02-12},
}

@article{rambla_beacon_2022,
	title = {Beacon v2 and Beacon networks: A "lingua franca" for federated data discovery in biomedical genomics, and beyond},
	volume = {43},
	issn = {1098-1004},
	doi = {10.1002/humu.24369},
	shorttitle = {Beacon v2 and Beacon networks},
	pages = {791--799},
	number = {6},
	journaltitle = {Human Mutation},
	shortjournal = {Hum Mutat},
	author = {Rambla, Jordi and Baudis, Michael and Ariosa, Roberto and Beck, Tim and Fromont, Lauren A. and Navarro, Arcadi and Paloots, Rahel and Rueda, Manuel and Saunders, Gary and Singh, Babita and Spalding, John D. and Törnroos, Juha and Vasallo, Claudia and Veal, Colin D. and Brookes, Anthony J.},
	date = {2022-06},
}

@online{css,
	title = {{CommunitySolidServer}/{CommunitySolidServer}: An open and modular implementation of the Solid specifications},
	url = {https://github.com/CommunitySolidServer/CommunitySolidServer},
	urldate = {2024-02-12},
}



