@article{mathur_personalized_2017,
	title = {Personalized medicine could transform healthcare},
	journal = {Biomedical Reports},
	author = {Mathur, Sunil and Sutton, Joseph},
	year = {2017},
}
